<?xml version="1.0" encoding="UTF-8" ?>
<record Numero="13926597" format="InterXMarc_Complet" type="Authority">
<leader>01074c0 au22000272  45  <Pos Code="0004">01074</Pos>
<Pos Code="05" Sens="notice modifiée">c</Pos>
<Pos Code="06" Sens="notice validée par les services d&apos;autorité">0</Pos>
<Pos Code="08" Sens="notice d&apos;autorité">a</Pos>
<Pos Code="09" Sens="titre uniforme musical (TUM)">u</Pos>
<Pos Code="10">2</Pos>
<Pos Code="11">2</Pos>
<Pos Code="1216">00027</Pos>
<Pos Code="17" Sens="autres cas">2</Pos>
<Pos Code="20">4</Pos>
<Pos Code="21">5</Pos>
</leader>
<controlfield tag="001">FRBNF139265971<Pos Code="0001">FR</Pos>
<Pos Code="0204">BNF</Pos>
<Pos Code="0512">13926597</Pos>
<Pos Code="13">1</Pos>
</controlfield>
<controlfield tag="008">900522140115yyita ar        1623                             010 <Pos Code="0001">90</Pos>
<Pos Code="0203">05</Pos>
<Pos Code="0405">22</Pos>
<Pos Code="0607">14</Pos>
<Pos Code="0809">01</Pos>
<Pos Code="1011">15</Pos>
<Pos Code="1213" Sens="ne s&apos;applique pas">yy</Pos>
<Pos Code="1416" Sens="italien">ita</Pos>
<Pos Code="1820" Sens="aria">ar </Pos>
<Pos Code="2831">1623</Pos>
<Pos Code="61" Sens="La vedette peut être liée à une notice bibliographique pour les accès signalétiques et/ou pour l&apos;accès matière RAMEAU">0</Pos>
<Pos Code="62" Sens="La vedette ne peut s&apos;employer qu&apos;en tête de vedette">1</Pos>
<Pos Code="63" Sens="La vedette n&apos;admet pas de subdivision géographique">0</Pos>
</controlfield>
<datafield tag="048" ind1=" " ind2=" ">
	<subfield code="a">va01<Pos Code="0001" Sens="voix - soprano">va</Pos>
<Pos Code="02">0</Pos>
<Pos Code="03">1</Pos>
</subfield>
	<subfield code="a">zb01<Pos Code="0001" Sens="basse continue - instruments non spécifiés">zb</Pos>
<Pos Code="02">0</Pos>
<Pos Code="03">1</Pos>
</subfield>
</datafield>
<datafield tag="100" ind1=" " ind2=" ">
	<subfield code="3">13897646</subfield>
	<subfield code="w"> 0  b     </subfield>
	<subfield code="a">Monteverdi</subfield>
	<subfield code="m">Claudio</subfield>
	<subfield code="d">1567-1643</subfield>
</datafield>
<datafield tag="144" ind1="1" ind2=" ">
	<subfield code="w">....b.ita.</subfield>
	<subfield code="a">Lamento d&apos;Arianna</subfield>
	<subfield code="b">Soprano, basse continue</subfield>
	<subfield code="k">SV 22</subfield>
</datafield>
<datafield tag="444" ind1="1" ind2=" ">
	<subfield code="w">....b.ita.</subfield>
	<subfield code="a">Lasciatemi morire</subfield>
	<subfield code="b">Soprano, basse continue</subfield>
	<subfield code="k">SV 22</subfield>
</datafield>
<datafield tag="600" ind1=" " ind2=" ">
	<subfield code="a">Seule partie conservée de la tragédie en 1 acte &quot;Arianna&quot; (1608)</subfield>
	<subfield code="a">Texte d&apos;Ottavio Rinuccini</subfield>
	<subfield code="a">1re éd. (version pour voix seule et basse continue) : 1623</subfield>
</datafield>
<datafield tag="600" ind1=" " ind2=" ">
	<subfield code="a">Comprend : &quot;Lasciatemi morire&quot; ; &quot;O Teseo, Teseo mio&quot; ; &quot;Dove, dov&apos;e la fede&quot; ; &quot;Ahi che non pur risponde&quot;</subfield>
</datafield>
<datafield tag="600" ind1=" " ind2=" ">
	<subfield code="a">Il existe une version pour 5 voix a cappella (SV 107)</subfield>
</datafield>
<datafield tag="610" ind1=" " ind2=" ">
	<subfield code="a">Dictionnaire des oeuvres de l&apos;art vocal</subfield>
	<subfield code="a">Grove music online</subfield>
	<subfield code="u">http://www.oxfordmusiconline.com</subfield>
	<subfield code="d">2010-10-12</subfield>
</datafield>
<datafield tag="610" ind1=" " ind2=" ">
	<subfield code="a">Lamento d&apos;Arianna  [Enregistrement sonore] : aus der Oper &quot;Arianna&quot; / Cl. Monteverdi, comp.. ; Maria Peschken, A ; Curt Sachs, clav. ; Paul Hermann, vlc. Odeon O 4308</subfield>
</datafield>
<datafield tag="624" ind1=" " ind2=" ">
	<subfield code="a">780<Pos Code="0002" Sens="Musique">780</Pos>
</subfield>
</datafield>
<datafield tag="917" ind1=" " ind2=" ">
	<subfield code="o">OPC</subfield>
	<subfield code="a">100570290</subfield>
</datafield>
<datafield tag="917" ind1=" " ind2=" ">
	<subfield code="o">OPD</subfield>
	<subfield code="a">100222550</subfield>
	<subfield code="b">AMA</subfield>
</datafield>
<datafield tag="996" ind1=" " ind2=" ">
	<subfield code="o">OPP</subfield>
	<subfield code="a">13866522</subfield>
	<subfield code="d">20090910</subfield>
</datafield>
<datafield tag="996" ind1=" " ind2=" ">
	<subfield code="o">OPP</subfield>
	<subfield code="a">16304178</subfield>
	<subfield code="d">20140115</subfield>
</datafield>
<Alter Ori="13897646">
<datafield tag="400" ind1=" " ind2=" ">
	<subfield code="w">    b     </subfield>
	<subfield code="a">Monteverde</subfield>
	<subfield code="m">Claudio</subfield>
	<subfield code="d">1567-1643</subfield>
</datafield>
</Alter>
<Attr Nom="IDPerenne">ark:/12148/cb13926597k</Attr>
<Attr Nom="NumSource">OPC 100570290</Attr>
<Attr Nom="Source" Sens="BnF catalogue général (depuis 1999)">A</Attr>
<Attr Nom="NumAutoriteLiee">13897646</Attr>
<Attr Nom="DateCreation">22/05/ 1990</Attr>
<Attr Nom="ResponsableCreation">MIGV2</Attr>
<Attr Nom="StructCreation">1</Attr>
<Attr Nom="DateDerniereValidation">15/01/ 2014</Attr>
<Attr Nom="ResponsableDerniereValidation">SERRES CATHERINE</Attr>
<Attr Nom="StructPremiereValidation">1</Attr>
<Attr Nom="DatePremiereValidation">22/05/ 1990</Attr>
<Attr Nom="ResponsablePremiereValidation">MIGV2</Attr>
<Attr Nom="StructDerniereValidation">82</Attr>
<Attr Nom="NumSource" Rep="1">OPD 100222550</Attr>
<Attr Nom="NumSource" Rep="2">OPP 13866522</Attr>
<Attr Nom="NumSource" Rep="3">OPP 16304178</Attr>
</record>
